/home/marks/bibliography/bibliography.bib