/home/marks/thesis_report/irenes_bib.bib